@misc{Lant2010,
author = {Lant, Michael},
booktitle = {Software Development, Agile Methods and the Intersection of People Process and Technology},
title = {{How To Make Your Project Not Suck by Using an Agile Project Charter}},
url = {http://michaellant.com/2010/05/18/how-to-make-your-project-not-suck/},
year = {2010}
}
@book{Rubin2012,
author = {Rubin, Kenneth S},
edition = {1st},
isbn = {0137043295, 9780137043293},
publisher = {Addison-Wesley Professional},
title = {{Essential Scrum: A Practical Guide to the Most Popular Agile Process}},
year = {2012}
}
@techreport{,
institution = {U.S. Department of Defense},
pages = {2--7},
title = {{DOD Sample Phase I Proposal}},
url = {http://www.acq.osd.mil/osbp/sbir/sb/resources/sample-proposals.shtml},
year = {2011}
}
@misc{Vigderman2021,
author = {Vigderman, Aliza and Turner, Gabe},
title = {{The Best Security Systems for the Deaf}},
url = {https://www.security.org/home-security-systems/best/deaf/},
year = {2021}
}
@misc{Zions2019,
author = {Zions Security},
title = {{ADT Pulse Strobe Light Kit}},
url = {https://zionssecurity.com/product/adt-pulse-strobe-light-kit/},
year = {2019}
}
@misc{HearWorldStrobe,
author = {Hear World Communications},
title = {{Loud Door Chime/Strobe Plug-In Receiver with Button}},
url = {https://www.hearworldusa.com/alerting-notification-systems/doorbell-door-knock-signalers/loud-door-chime-strobe-plug-in-receiver-with-button/},
note = {Accessed 2021-10-01}
}
@misc{WalmartAlarm,
author = {Walmart},
title = {{Loud Alarm Clock with Bed Shaker, Vibrating Alarm Clock for Heavy Sleepers, Deaf and Hard of Hearing, Dual Alarm Clock, 2 Charger Ports, 7-Inch Display, Full Range Dimmer and Battery Backup - Green}},
url = {https://www.walmart.com/ip/Loud-Alarm-Clock-Bed-Shaker-Vibrating-Heavy-Sleepers-Deaf-Hard-Hearing-Dual-Clock-2-Charger-Ports-7-Inch-Display-Full-Range-Dimmer-Battery-Backup-Gre/484777384?wmlspartner=wlpa&selectedSellerId=101003242&adid=22222222222000000000&wmlspartner=wmtlabs&wl0=e&wl1=s&wl2=c&wl3=10352200394&wl4=pla-1103028060075&wl5=&wl6=&wl7=&wl10=Walmart&wl11=Online&wl12=484777384_10001022612&wl14=deaf\%20alarm\%20bed\%20shaker&veh=sem&msclkid=1db518c216e8107da54479942eef9f18&gclid=1db518c216e8107da54479942eef9f18&gclsrc=3p.ds},
note = {Accessed 2021-10-01}
}
@misc{AllegroFire,
author = {Allegro Medical Supplies},
title = {{SafeAwake Fire Alarm Aid - SafeAwake Fire Alarm Aid}},
url = {https://www.allegromedical.com/products/safeawake-fire-alarm-aid-safeawake-fire-alarm-aid/},
note = {Accessed 2021-10-01}
}
@article{Harkins2010,
author = {Harkins, Judith and Tucker, Paula E. and Williams, Norman and Sauro, Jeff},
title = "{Vibration Signaling in Mobile Devices for Emergency Alerting: A Study With Deaf Evaluators}",
journal = {The Journal of Deaf Studies and Deaf Education},
volume = {15},
number = {4},
pages = {438-445},
year = {2010}
doi = {10.1093/deafed/enq018},
url = {https://doi.org/10.1093/deafed/enq018},
eprint = {https://academic.oup.com/jdsde/article-pdf/15/4/438/957414/enq018.pdf},
}



